<record><leader>00000cas a22000007a 4500</leader><controlfield tag="001">11899392</controlfield><controlfield tag="008">850409d18901894wiuwr ne      0    0nor d</controlfield><datafield ind1=" " ind2=" " tag="010"><subfield code="a">sn 85040513 </subfield></datafield><datafield ind1=" " ind2=" " tag="040"><subfield code="a">NPV</subfield><subfield code="b">eng</subfield><subfield code="c">NPV</subfield><subfield code="d">OCLCQ</subfield></datafield><datafield ind1="0" ind2=" " tag="041"><subfield code="a">nor</subfield><subfield code="a">eng</subfield></datafield><datafield ind1=" " ind2=" " tag="042"><subfield code="a">msc</subfield></datafield><datafield ind1=" " ind2=" " tag="043"><subfield code="a">n-us-wi</subfield></datafield><datafield ind1=" " ind2=" " tag="045"><subfield code="a">w9w9</subfield></datafield><datafield ind1=" " ind2=" " tag="052"><subfield code="a">4123</subfield><subfield code="b">D3</subfield></datafield><datafield ind1="0" ind2="0" tag="245"><subfield code="a">Normannen.</subfield></datafield><datafield ind1="3" ind2="0" tag="246"><subfield code="a">Norman</subfield></datafield><datafield ind1=" " ind2=" " tag="260"><subfield code="a">Stoughton, Wis. :</subfield><subfield code="b">Allberg, Swan &amp; Co.,</subfield><subfield code="c">-1894.</subfield></datafield><datafield ind1=" " ind2=" " tag="300"><subfield code="a">volumes</subfield></datafield><datafield ind1=" " ind2=" " tag="310"><subfield code="a">Weekly</subfield></datafield><datafield ind1=" " ind2=" " tag="336"><subfield code="a">text</subfield><subfield code="b">txt</subfield><subfield code="2">rdacontent</subfield></datafield><datafield ind1=" " ind2=" " tag="337"><subfield code="a">unmediated</subfield><subfield code="b">n</subfield><subfield code="2">rdamedia</subfield></datafield><datafield ind1=" " ind2=" " tag="338"><subfield code="a">volume</subfield><subfield code="b">nc</subfield><subfield code="2">rdacarrier</subfield></datafield><datafield ind1="0" ind2=" " tag="362"><subfield code="a">-8de aarg., nr. 41 (12de okt. 1894).</subfield></datafield><datafield ind1="1" ind2=" " tag="362"><subfield code="a">Began in July or Aug. 1890.</subfield></datafield><datafield ind1=" " ind2=" " tag="500"><subfield code="a">Added title p. with title: The Norman, Nov. 21, 1890-June 3, 1891.</subfield></datafield><datafield ind1=" " ind2=" " tag="500"><subfield code="a">Editor: D.M. Schoyen, Aug. 29, 1890-Aug. 10, 1893.--O.A. Buslett, Aug.-Oct. 1894.</subfield></datafield><datafield ind1=" " ind2=" " tag="521"><subfield code="a">"A Scandinavian-American newspaper."</subfield></datafield><datafield ind1=" " ind2=" " tag="530"><subfield code="a">Available on microfilm from The State Historical Society of Wisconsin.</subfield></datafield><datafield ind1=" " ind2=" " tag="546"><subfield code="a">In Norwegian and English.</subfield></datafield><datafield ind1=" " ind2=" " tag="588"><subfield code="a">Description based on: 4de aarg., nr. 36 (29de aug. 1894).</subfield></datafield><datafield ind1=" " ind2=" " tag="752"><subfield code="a">United States</subfield><subfield code="b">Wisconsin</subfield><subfield code="c">Dane</subfield><subfield code="d">Stoughton.</subfield></datafield><datafield ind1="0" ind2="0" tag="780"><subfield code="t">Gauken</subfield><subfield code="w">(DLC)sn 85040512</subfield></datafield><datafield ind1="0" ind2="0" tag="785"><subfield code="t">Wisconsin Normannen</subfield><subfield code="w">(DLC)sn 85040514</subfield></datafield><datafield ind1="1" ind2=" " tag="029"><subfield code="a">AU@</subfield><subfield code="b">000020371934</subfield></datafield></record>